\bibitem{Buneman:2011}
{BUNEMAN, P.; CHENEY, J.; LINDLEY, S. et al. \textbf{DBWiki}: A Structured Wiki for Curated Data and Collaborative Data Management. Athens: SIGMOD’11; 2011.}
@inproceedings{Buneman:2011,
 author = {Buneman, Peter and Cheney, James and Lindley, Sam and M\"{u}ller, Heiko},
 title = {DBWiki: A Structured Wiki for Curated Data and Collaborative Data Management},
 booktitle = {Proceedings of the 2011 ACM SIGMOD International Conference on Management of Data},
 series = {SIGMOD '11},
 year = {2011},
 isbn = {978-1-4503-0661-4},
 location = {Athens, Greece},
 pages = {1335--1338},
 numpages = {4},
 url = {http://doi.acm.org/10.1145/1989323.1989491},
 doi = {10.1145/1989323.1989491},
 acmid = {1989491},
 publisher = {ACM},
 address = {New York, NY, USA},
 keywords = {curation, databases, wikis},
}

@inproceedings{Lakhina:2004,
 author = {Lakhina, Anukool and Crovella, Mark and Diot, Christophe},
 title = {Diagnosing Network-wide Traffic Anomalies},
 booktitle = {Proceedings of the 2004 Conference on Applications, Technologies, Architectures, and Protocols for Computer Communications},
 series = {SIGCOMM '04},
 year = {2004},
 isbn = {1-58113-862-8},
 location = {Portland, Oregon, USA},
 pages = {219--230},
 numpages = {12},
 url = {http://doi.acm.org/10.1145/1015467.1015492},
 doi = {10.1145/1015467.1015492},
 acmid = {1015492},
 publisher = {ACM},
 address = {New York, NY, USA},
 keywords = {anomaly detection, network traffic analysis},
}

\bibitem{MONOWAR et al:2014}
{ABNTEX2; ARAUJO, L. C. \textbf{A classe abntex2}: Documentos técnicos e científicos brasileiros compatíveis com as normas ABNT. Sine loco, v. 1.9.2; 2014.}.

\bibitem{Biazin:2008}
{BIAZIN, D. T. \textbf{Normas da ABNT e padronização de trabalhos acadêmicos}. Londrina: Instituto Filadélfia de Londrina; 2008.}

\bibitem{Wikibooks:2014}
{WIKIBOOKS. \textbf{LaTeX}: The Free Textbook Project. Disponível em: <http://en.wikibooks.org/wiki/LaTeX>. Acesso em: 09 abr. 2014.}

\bibitem{ABNTEX2:2014}
{ABNTEX2; ARAUJO, L. C. \textbf{A classe abntex2}: Documentos técnicos e científicos brasileiros compatíveis com as normas ABNT. Sine loco, v. 1.9.2; 2014.}.

\bibitem{ABNTEX2:2014}
{ABNTEX2; ARAUJO, L. C. \textbf{A classe abntex2}: Documentos técnicos e científicos brasileiros compatíveis com as normas ABNT. Sine loco, v. 1.9.2; 2014.}.

\bibitem{ABNTEX2:2014}
{ABNTEX2; ARAUJO, L. C. \textbf{A classe abntex2}: Documentos técnicos e científicos brasileiros compatíveis com as normas ABNT. Sine loco, v. 1.9.2; 2014.}.

\bibitem{ABNTEX2:2014}
{ABNTEX2; ARAUJO, L. C. \textbf{A classe abntex2}: Documentos técnicos e científicos brasileiros compatíveis com as normas ABNT. Sine loco, v. 1.9.2; 2014.}.

\bibitem{ABNTEX2:2014}
{ABNTEX2; ARAUJO, L. C. \textbf{A classe abntex2}: Documentos técnicos e científicos brasileiros compatíveis com as normas ABNT. Sine loco, v. 1.9.2; 2014.}.
