@article{zarpelao2009detecccao,
  title={Detec{\c{c}}{\~a}o de anomalias em redes de computadores},
  author={Zarpel{\~a}o, Bruno Bogaz and Mendes, Leonardo S and Abr{\~a}o, Taufik and Sampaio, Lucas DH and Lima, Moises F and Proen{\c{c}}a Jr, Mario L},
  journal={SIMP{\'O}SIO BRASILEIRO DE TELECOMUNICA{\c{C}}{\~O}ES, XXVII. Anais},
  year={2009}
}

@inproceedings{Rieck:2009:VEP:1845875.1845950,
 author = {Rieck, Konrad and Laskov, Pavel},
 title = {Visualization and Explanation of Payload-Based Anomaly Detection},
 booktitle = {Proceedings of the 2009 European Conference on Computer Network Defense},
 series = {EC2ND '09},
 year = {2009},
 isbn = {978-0-7695-3983-6},
 pages = {29--36},
 numpages = {8},
 url = {http://dx.doi.org/10.1109/EC2ND.2009.12},
 doi = {10.1109/EC2ND.2009.12},
 acmid = {1845950},
 publisher = {IEEE Computer Society},
 address = {Washington, DC, USA},
 keywords = {anomaly detection, network intrusion detection},
}

@misc{silva2004redes,
  title={Redes Neurais Artificiais Aplicadas a Detec{\c{c}}{\~a}o de Intrusos em Redes TCP/IP},
  author={Silva, Renato Maia and Maia, Marco Antonio Grivet M},
  year={2004},
  publisher={SSI}
}

@inproceedings{Sekar:2002:SAD:586110.586146,
 author = {Sekar, R. and Gupta, A. and Frullo, J. and Shanbhag, T. and Tiwari, A. and Yang, H. and Zhou, S.},
 title = {Specification-based Anomaly Detection: A New Approach for Detecting Network Intrusions},
 booktitle = {Proceedings of the 9th ACM Conference on Computer and Communications Security},
 series = {CCS '02},
 year = {2002},
 isbn = {1-58113-612-9},
 location = {Washington, DC, USA},
 pages = {265--274},
 numpages = {10},
 url = {http://doi.acm.org/10.1145/586110.586146},
 doi = {10.1145/586110.586146},
 acmid = {586146},
 publisher = {ACM},
 address = {New York, NY, USA},
 keywords = {anomaly detection, intrusion detection, network monitoring},
}

@article{feitosa2008trafego,
  title={Tr{\'a}fego Internet n{\~a}o Desejado: Conceitos, Caracteriza{\c{c}}{\~a}o e Solu{\c{c}}{\~o}es},
  author={Feitosa, EL and Souto, Eduardo and Sadok, Djamel},
  journal={Proc. VIII SBSeg, SBC},
  pages={91--137},
  year={2008}
}

@inproceedings{Wang:2009:NAD:1685165.1685188,
 author = {Wang, Fengyu and Gong, Bin and Hu, Yi and Zhang, Ningbo},
 title = {Network Anomaly Detection Based on Traffic Prediction},
 booktitle = {Proceedings of the 2009 International Conference on Scalable Computing and Communications; Eighth International Conference on Embedded Computing},
 series = {SCALCOM-EMBEDDEDCOM '09},
 year = {2009},
 isbn = {978-0-7695-3825-9},
 pages = {449--454},
 numpages = {6},
 url = {http://dx.doi.org/10.1109/EmbeddedCom-ScalCom.2009.86},
 doi = {10.1109/EmbeddedCom-ScalCom.2009.86},
 acmid = {1685188},
 publisher = {IEEE Computer Society},
 address = {Washington, DC, USA},
 keywords = {anomaly detection, network traffic prediction, wavelet transform},
}

@article{perlin2011detecccao,
  title={Detec{\c{c}}{\~a}o de Anomalias em Redes de Computadores e o uso de Wavelets},
  author={Perlin, Tiago and Nunes, Raul Ceretta and Kozakevicius, Alice de Jeuss},
  journal={Revista Brasileira de Computa{\c{c}}{\~a}o Aplicada},
  volume={3},
  number={1},
  pages={2--15},
  year={2011}
}

@inproceedings{Wang:2009:CAD:1811681.1811897,
 author = {Wang, Wei and Man, Hong and He, Fangming},
 title = {Collaborative Anomaly Detection for Structured P2P Networks},
 booktitle = {Proceedings of the 28th IEEE Conference on Global Telecommunications},
 series = {GLOBECOM'09},
 year = {2009},
 isbn = {978-1-4244-4147-1},
 location = {Honolulu, Hawaii, USA},
 pages = {3116--3121},
 numpages = {6},
 url = {http://dl.acm.org/citation.cfm?id=1811681.1811897},
 acmid = {1811897},
 publisher = {IEEE Press},
 address = {Piscataway, NJ, USA},
 keywords = {anomaly detection, network security, peer-to-peer networks},
}

@phdthesis{mouradetecccao,
  title={Detec{\c{c}}{\~a}o de Anomalias em Redes WAN usando Estimativa de Holt-Winters Aplicada a Medidas de Entropia},
  author={MOURA, AS},
  school={Disserta{\c{c}}{\~a}o de Mestrado--UFRJ-2009}
}

@inproceedings{Lim:2008:NAD:1437894.1438273,
 author = {Lim, Shu Yun and Jones, Andy},
 title = {Network Anomaly Detection System: The State of Art of Network Behaviour Analysis},
 booktitle = {Proceedings of the 2008 International Conference on Convergence and Hybrid Information Technology},
 series = {ICHIT '08},
 year = {2008},
 isbn = {978-0-7695-3328-5},
 pages = {459--465},
 numpages = {7},
 url = {http://dx.doi.org/10.1109/ICHIT.2008.249},
 doi = {10.1109/ICHIT.2008.249},
 acmid = {1438273},
 publisher = {IEEE Computer Society},
 address = {Washington, DC, USA},
 keywords = {anomaly detection, network behaviour analysis, network intrusion detection},
}

@article{Iglesias:2015:ANT:2830192.2830260,
 author = {Iglesias, F{\'e}lix and Zseby, Tanja},
 title = {Analysis of Network Traffic Features for Anomaly Detection},
 journal = {Mach. Learn.},
 issue_date = {October   2015},
 volume = {101},
 number = {1-3},
 month = oct,
 year = {2015},
 issn = {0885-6125},
 pages = {59--84},
 numpages = {26},
 url = {http://dx.doi.org/10.1007/s10994-014-5473-9},
 doi = {10.1007/s10994-014-5473-9},
 acmid = {2830260},
 publisher = {Kluwer Academic Publishers},
 address = {Hingham, MA, USA},
 keywords = {Anomaly detection, Data preprocessing, Feature selection, Network security, Supervised classification},
}

@inproceedings{Hulboj:2009:CIN:1691138.1691166,
 author = {Hulboj, Milosz Marian and Jurga, Ryszard Erazm},
 title = {CERN Investigation of Network Behaviour and Anomaly Detection},
 booktitle = {Proceedings of the 12th International Symposium on Recent Advances in Intrusion Detection},
 series = {RAID '09},
 year = {2009},
 isbn = {978-3-642-04341-3},
 location = {Saint-Malo, France},
 pages = {353--354},
 numpages = {2},
 url = {http:A Class of Non-statistical Traffic Anomaly DeteA Class of Non-statistical Traffic Anomaly Detection in Complex Network Systemsction in Complex Network Systems//dx.doi.org/10.1007/978-3-642-04342-0_21},
 doi = {10.1007/978-3-642-04342-0_21},
 acmid = {1691166},
 publisher = {Springer-Verlag},
 address = {Berlin, Heidelberg},
 keywords = {anomaly detection, computer networks, network monitoring, packet sampling},
}

@inproceedings{Han:2012:CNT:2355578.2357402,
 author = {Han, Wenlin and Xiong, Wei and Xiao, Yang and Ellabidy, Magdy and Vasilakos, Athanasios V. and Xiong, Naixue},
 title = {A Class of Non-statistical Traffic Anomaly Detection in Complex Network Systems},
 booktitle = {Proceedings of the 2012 32Nd International Conference on Distributed Computing Systems Workshops},
 series = {ICDCSW '12},
 year = {2012},
 isbn = {978-0-7695-4686-5},
 pages = {640--646},
 numpages = {7},
 url = {http://dx.doi.org/10.1109/ICDCSW.2012.7},
 doi = {10.1109/ICDCSW.2012.7},
 acmid = {2357402},
 publisher = {IEEE Computer Society},
 address = {Washington, DC, USA},
 keywords = {Anomaly detection, Network traffic, Order parameter, Synergetic neural networks},
}

@inproceedings{Jiang:2011:FNT:2114497.2115810,
 author = {Jiang, Hua and Pang, Liaojun},
 title = {Fast Network Traffic Anomaly Detection Based on Iteration},
 booktitle = {Proceedings of the 2011 Seventh International Conference on Computational Intelligence and Security},
 series = {CIS '11},
 year = {2011},
 isbn = {978-0-7695-4584-4},
 pages = {1006--1010},
 numpages = {5},
 url = {http://dx.doi.org/10.1109/CIS.2011.225},
 doi = {10.1109/CIS.2011.225},
 acmid = {2115810},
 publisher = {IEEE Computer Society},
 address = {Washington, DC, USA},
 keywords = {Anomaly detection, Network traffic, Fast, Self-similar, Hurst parameter},
}

@article{Mazel:2015:HAD:2885221.2885224,
 author = {Mazel, Johan and Casas, Pedro and Fontugne, Romain and Fukuda, Kensuke and Owezarski, Philippe},
 title = {Hunting Attacks in the Dark: Clustering and Correlation Analysis for Unsupervised Anomaly Detection},
 journal = {Netw.},
 issue_date = {September 2015},
 volume = {25},
 number = {5},
 month = sep,
 year = {2015},
 issn = {0028-3045},
 pages = {283--305},
 numpages = {23},
 url = {http://dx.doi.org/10.1002/nem.1903},
 doi = {10.1002/nem.1903},
 acmid = {2885224},
 publisher = {Wiley-Interscience},
 address = {New York, NY, USA},
 keywords = {unsupervised anomaly detection \& characterization, clustering, outliers detection, anomaly correlation, filtering rules, MAWILab},
}
@article{Li:2008:LWS:1456731.1457120,
 author = {Li, Yang and Guo, Li and Tian, Zhi-Hong and Lu, Tian-Bo},
 title = {A Lightweight Web Server Anomaly Detection Method Based on Transductive Scheme and Genetic Algorithms},
 journal = {Comput. Commun.},
 issue_date = {November, 2008},
 volume = {31},
 number = {17},
 month = nov,
 year = {2008},
 issn = {0140-3664},
 pages = {4018--4025},
 numpages = {8},
 url = {http://dx.doi.org/10.1016/j.comcom.2008.08.009},
 doi = {10.1016/j.comcom.2008.08.009},
 acmid = {1457120},
 publisher = {Elsevier Science Publishers B. V.},
 address = {Amsterdam, The Netherlands, The Netherlands},
 keywords = {Genetic algorithm, Network security, TCM-KNN algorithm, Web server anomaly detection},
}

@inproceedings{Xydas:2006:GVW:1153927.1154740,
 author = {Xydas, I. and Miaoulis, G. and Bonnefoi, P.-F. and Plemenos, D. and Ghazanfarpour, D.},
 title = {3D Graph Visualisation of Web Normal and Malicious Traffic},
 booktitle = {Proceedings of the Conference on Information Visualization},
 series = {IV '06},
 year = {2006},
 isbn = {0-7695-2602-0},
 pages = {621--629},
 numpages = {9},
 url = {http://dx.doi.org/10.1109/IV.2006.2},
 doi = {10.1109/IV.2006.2},
 acmid = {1154740},
 publisher = {IEEE Computer Society},
 address = {Washington, DC, USA},
 keywords = {Web visualisation, web security, intrusion detection, web attacks, expert systems, neural networks, anomaly detection, network security, surveillance aid.},
}

@phdthesis{Li:2006:NTC:1195190,
 author = {Li, Lan},
 advisor = {Lee, Gyungho},
 title = {Network Traffic Characterization and Network Anomaly Detection},
 year = {2006},
 isbn = {978-0-542-70081-1},
 note = {AAI3218928},
 publisher = {University of Illinois at Chicago},
 address = {Chicago, IL, USA},
}

@inproceedings{Wang:2009:RAD:1685995.1686337,
 author = {Wang, Guilan and Wang, Zhenqi and Luo, Xianjin},
 title = {Research of Anomaly Detection Based on Time Series},
 booktitle = {Proceedings of the 2009 WRI World Congress on Software Engineering - Volume 01},
 series = {WCSE '09},
 year = {2009},
 isbn = {978-0-7695-3570-8},
 pages = {444--448},
 numpages = {5},
 url = {http://dx.doi.org/10.1109/WCSE.2009.382},
 doi = {10.1109/WCSE.2009.382},
 acmid = {1686337},
 publisher = {IEEE Computer Society},
 address = {Washington, DC, USA},
 keywords = {Time series, ARMA model, network traffic},
}

@inproceedings{Eriksson:2010:BMN:1879141.1879200,
 author = {Eriksson, Brian and Barford, Paul and Bowden, Rhys and Duffield, Nick and Sommers, Joel and Roughan, Matthew},
 title = {BasisDetect: A Model-based Network Event Detection Framework},
 booktitle = {Proceedings of the 10th ACM SIGCOMM Conference on Internet Measurement},
 series = {IMC '10},
 year = {2010},
 isbn = {978-1-4503-0483-2},
 location = {Melbourne, Australia},
 pages = {451--464},
 numpages = {14},
 url = {http://doi.acm.org/10.1145/1879141.1879200},
 doi = {10.1145/1879141.1879200},
 acmid = {1879200},
 publisher = {ACM},
 address = {New York, NY, USA},
 keywords = {anomaly detection},
}

@inproceedings{Kline:2008:TAD:1381303.1381920,
 author = {Kline, Jeff and Nam, Sangnam and Barford, Paul and Plonka, David and Ron, Amos},
 title = {Traffic Anomaly Detection at Fine Time Scales with Bayes Nets},
 booktitle = {Proceedings of the 2008 The Third International Conference on Internet Monitoring and Protection},
 series = {ICIMP '08},
 year = {2008},
 isbn = {978-0-7695-3189-2},
 pages = {37--46},
 numpages = {10},
 url = {http://dx.doi.org/10.1109/ICIMP.2008.33},
 doi = {10.1109/ICIMP.2008.33},
 acmid = {1381920},
 publisher = {IEEE Computer Society},
 address = {Washington, DC, USA},
 keywords = {anomaly detection},
}

@inproceedings{Krueger:2008:AIA:1488723.1488743,
 author = {Krueger, Tammo and Gehl, Christian and Rieck, Konrad and Laskov, Pavel},
 title = {An Architecture for Inline Anomaly Detection},
 booktitle = {Proceedings of the 2008 European Conference on Computer Network Defense},
 series = {EC2ND '08},
 year = {2008},
 isbn = {978-0-7695-3479-4},
 pages = {11--18},
 numpages = {8},
 url = {http://dx.doi.org/10.1109/EC2ND.2008.8},
 doi = {10.1109/EC2ND.2008.8},
 acmid = {1488743},
 publisher = {IEEE Computer Society},
 address = {Washington, DC, USA},
 keywords = {intrusion detection, anomaly detection},
}

@phdthesis{Mai:2009:SNT:1714014,
 author = {Mai, Jianning},
 advisor = {Chuah, Chen-Nee},
 title = {Sampling Network Traffic for Anomaly Detection},
 year = {2009},
 isbn = {978-1-109-21690-5},
 note = {AAI3362498},
 publisher = {University of California at Davis},
 address = {Davis, CA, USA},
}

@inproceedings{Zanero:2008:UNI:1413140.1413163,
 author = {Zanero, Stefano},
 title = {ULISSE, a Network Intrusion Detection System},
 booktitle = {Proceedings of the 4th Annual Workshop on Cyber Security and Information Intelligence Research: Developing Strategies to Meet the Cyber Security and Information Intelligence Challenges Ahead},
 series = {CSIIRW '08},
 year = {2008},
 isbn = {978-1-60558-098-2},
 location = {Oak Ridge, Tennessee, USA},
 pages = {20:1--20:4},
 articleno = {20},
 numpages = {4},
 url = {http://doi.acm.org/10.1145/1413140.1413163},
 doi = {10.1145/1413140.1413163},
 acmid = {1413163},
 publisher = {ACM},
 address = {New York, NY, USA},
 keywords = {anomaly detection, intrusion detection},
}

@inproceedings{Wan:2008:LAD:1487207.1487370,
 author = {Wan, Xiaomeng and Milios, Evangelos and Kalyaniwalla, Nauzer and Janssen, Jeannette},
 title = {Link-Based Anomaly Detection in Communication Networks},
 booktitle = {Proceedings of the 2008 IEEE/WIC/ACM International Conference on Web Intelligence and Intelligent Agent Technology - Volume 03},
 series = {WI-IAT '08},
 year = {2008},
 isbn = {978-0-7695-3496-1},
 pages = {402--405},
 numpages = {4},
 url = {http://dx.doi.org/10.1109/WIIAT.2008.91},
 doi = {10.1109/WIIAT.2008.91},
 acmid = {1487370},
 publisher = {IEEE Computer Society},
 address = {Washington, DC, USA},
 keywords = {anomaly detection, communication network},
}

@inproceedings{Farraposo:2007:NNA:1783374.1783398,
 author = {Farraposo, S\'{\i}lvia and Owezarski, Philippe and Monteiro, Edmundo},
 title = {NADA - Network Anomaly Detection Algorithm},
 booktitle = {Proceedings of the Distributed Systems: Operations and Management 18th IFIP/IEEE International Conference on Managing Virtualization of Networks and Services},
 series = {DSOM'07},
 year = {2007},
 isbn = {3-540-75693-0, 978-3-540-75693-4},
 location = {San Jos\&\#233;, CA, USA},
 pages = {191--194},
 numpages = {4},
 url = {http://dl.acm.org/citation.cfm?id=1783374.1783398},
 acmid = {1783398},
 publisher = {Springer-Verlag},
 address = {Berlin, Heidelberg},
 keywords = {anomaly signature, traffic anomaly identification},
}

@inproceedings{Silveira:2010:ADD:1851182.1851215,
 author = {Silveira, Fernando and Diot, Christophe and Taft, Nina and Govindan, Ramesh},
 title = {ASTUTE: Detecting a Different Class of Traffic Anomalies},
 booktitle = {Proceedings of the ACM SIGCOMM 2010 Conference},
 series = {SIGCOMM '10},
 year = {2010},
 isbn = {978-1-4503-0201-2},
 location = {New Delhi, India},
 pages = {267--278},
 numpages = {12},
 url = {http://doi.acm.org/10.1145/1851182.1851215},
 doi = {10.1145/1851182.1851215},
 acmid = {1851215},
 publisher = {ACM},
 address = {New York, NY, USA},
 keywords = {anomaly detection, statistical test},
}

@inproceedings{Silveira:2010:DTA:1811039.1811095,
 author = {Silveira, Fernando and Diot, Christophe and Taft, Nina and Govindan, Ramesh},
 title = {Detecting Traffic Anomalies Using an Equilibrium Property},
 booktitle = {Proceedings of the ACM SIGMETRICS International Conference on Measurement and Modeling of Computer Systems},
 series = {SIGMETRICS '10},
 year = {2010},
 isbn = {978-1-4503-0038-4},
 location = {New York, New York, USA},
 pages = {377--378},
 numpages = {2},
 url = {http://doi.acm.org/10.1145/1811039.1811095},
 doi = {10.1145/1811039.1811095},
 acmid = {1811095},
 publisher = {ACM},
 address = {New York, NY, USA},
 keywords = {anomaly detection, statistical test},
}

@article{Liao:2013:RID:2405859.2406209,
 author = {Liao, Hung-Jen and Richard Lin, Chun-Hung and Lin, Ying-Chih and Tung, Kuang-Yuan},
 title = {Review: Intrusion Detection System: A Comprehensive Review},
 journal = {J. Netw. Comput. Appl.},
 issue_date = {January, 2013},
 volume = {36},
 number = {1},
 month = jan,
 year = {2013},
 issn = {1084-8045},
 pages = {16--24},
 numpages = {9},
 url = {http://dx.doi.org/10.1016/j.jnca.2012.09.004},
 doi = {10.1016/j.jnca.2012.09.004},
 acmid = {2406209},
 publisher = {Academic Press Ltd.},
 address = {London, UK, UK},
 keywords = {Anomaly, Intrusion detection, Misuse},
}

@inproceedings{Zhang:2013:PSA:2508859.2512504,
 author = {Zhang, Hao and Yao, Danfeng Daphne and Ramakrishnan, Naren},
 title = {POSTER: A Semantic-aware Approach to Reasoning About Network Traffic Relations},
 booktitle = {Proceedings of the 2013 ACM SIGSAC Conference on Computer \&\#38; Communications Security},
 series = {CCS '13},
 year = {2013},
 isbn = {978-1-4503-2477-9},
 location = {Berlin, Germany},
 pages = {1375--1378},
 numpages = {4},
 url = {http://doi.acm.org/10.1145/2508859.2512504},
 doi = {10.1145/2508859.2512504},
 acmid = {2512504},
 publisher = {ACM},
 address = {New York, NY, USA},
 keywords = {anomaly detection, classification, network security},
}

@inproceedings{Wang:2009:GFA:1526709.1526897,
 author = {Wang, Wei and Masseglia, Florent and Guyet, Thomas and Quiniou, Rene and Cordier, Marie-Odile},
 title = {A General Framework for Adaptive and Online Detection of Web Attacks},
 booktitle = {Proceedings of the 18th International Conference on World Wide Web},
 series = {WWW '09},
 year = {2009},
 isbn = {978-1-60558-487-4},
 location = {Madrid, Spain},
 pages = {1141--1142},
 numpages = {2},
 url = {http://doi.acm.org/10.1145/1526709.1526897},
 doi = {10.1145/1526709.1526897},
 acmid = {1526897},
 publisher = {ACM},
 address = {New York, NY, USA},
 keywords = {anomaly detection, clustering, intrusion detection},
}

@inproceedings{Zhang:2014:BGN:2607048.2607121,
 author = {Zhang, Tao and Liao, Qi and Shi, Lei},
 title = {Bridging the Gap of Network Management and Anomaly Detection Through Interactive Visualization},
 booktitle = {Proceedings of the 2014 IEEE Pacific Visualization Symposium},
 series = {PACIFICVIS '14},
 year = {2014},
 isbn = {978-1-4799-2874-3},
 pages = {253--257},
 numpages = {5},
 url = {http://dx.doi.org/10.1109/PacificVis.2014.22},
 doi = {10.1109/PacificVis.2014.22},
 acmid = {2607121},
 publisher = {IEEE Computer Society},
 address = {Washington, DC, USA},
 keywords = {Network Anomaly Visualization},
}

@inproceedings{Nychis:2008:EEE:1452520.1452539,
 author = {Nychis, George and Sekar, Vyas and Andersen, David G. and Kim, Hyong and Zhang, Hui},
 title = {An Empirical Evaluation of Entropy-based Traffic Anomaly Detection},
 booktitle = {Proceedings of the 8th ACM SIGCOMM Conference on Internet Measurement},
 series = {IMC '08},
 year = {2008},
 isbn = {978-1-60558-334-1},
 location = {Vouliagmeni, Greece},
 pages = {151--156},
 numpages = {6},
 url = {http://doi.acm.org/10.1145/1452520.1452539},
 doi = {10.1145/1452520.1452539},
 acmid = {1452539},
 publisher = {ACM},
 address = {New York, NY, USA},
 keywords = {anomaly detection, entropy},
}

@phdthesis{Petsuwan:2010:NAN:1925272,
 author = {Petsuwan, Wanchalearm},
 advisor = {Kozaitis, Samuel P.},
 title = {A New Approach to Network Traffic Anomaly Detection},
 year = {2010},
 isbn = {978-1-109-70428-0},
 note = {AAI3405172},
 publisher = {Florida Institute of Technology},
 address = {Melbourne, FL, USA},
}

@inproceedings{Li:2008:DNT:1441425.1441876,
 author = {Li, Min and Yu, Shunzheng and He, Li},
 title = {Detecting Network-Wide Traffic Anomalies Based on Spatial HMM},
 booktitle = {Proceedings of the 2008 IFIP International Conference on Network and Parallel Computing},
 series = {NPC '08},
 year = {2008},
 isbn = {978-0-7695-3354-4},
 pages = {198--203},
 numpages = {6},
 url = {http://dx.doi.org/10.1109/NPC.2008.89},
 doi = {10.1109/NPC.2008.89},
 acmid = {1441876},
 publisher = {IEEE Computer Society},
 address = {Washington, DC, USA},
 keywords = {network-wide, anomaly detection, HMM},
}

@inproceedings{Lakhina:2004:DNT:1015467.1015492,
 author = {Lakhina, Anukool and Crovella, Mark and Diot, Christophe},
 title = {Diagnosing Network-wide Traffic Anomalies},
 booktitle = {Proceedings of the 2004 Conference on Applications, Technologies, Architectures, and Protocols for Computer Communications},
 series = {SIGCOMM '04},
 year = {2004},
 isbn = {1-58113-862-8},
 location = {Portland, Oregon, USA},
 pages = {219--230},
 numpages = {12},
 url = {http://doi.acm.org/10.1145/1015467.1015492},
 doi = {10.1145/1015467.1015492},
 acmid = {1015492},
 publisher = {ACM},
 address = {New York, NY, USA},
 keywords = {anomaly detection, network traffic analysis},
}

@article{Dainotti:2009:CAD:1662641.1662646,
 author = {Dainotti, Alberto and Pescap{\'e}, Antonio and Ventre, Giorgio},
 title = {A Cascade Architecture for DoS Attacks Detection Based on the Wavelet Transform},
 journal = {J. Comput. Secur.},
 issue_date = {December 2009},
 volume = {17},
 number = {6},
 month = dec,
 year = {2009},
 issn = {0926-227X},
 pages = {945--968},
 numpages = {24},
 url = {http://dl.acm.org/citation.cfm?id=1662641.1662646},
 acmid = {1662646},
 publisher = {IOS Press},
 address = {Amsterdam, The Netherlands, The Netherlands},
 keywords = {Anomaly, attack, detection, wavelet},
}

@article{Lu:2016:HNM:2890922.2890925,
 author = {Lu, Chunlin and Li, Yue and Ma, Mingjie and Li, Na},
 title = {A Hybrid NIDS Model Using Artificial Neural Network and D-S Evidence},
 journal = {Int. J. Digit. Crime For.},
 issue_date = {January 2016},
 volume = {8},
 number = {1},
 month = jan,
 year = {2016},
 issn = {1941-6210},
 pages = {37--50},
 numpages = {14},
 url = {http://dx.doi.org/10.4018/IJDCF.2016010103},
 doi = {10.4018/IJDCF.2016010103},
 acmid = {2890925},
 publisher = {IGI Global},
 address = {Hershey, PA, USA},
 keywords = {Anomaly Detection, Artificial Neural Networks, Dempster-Shafer, Network Intrusion Detection, Network Technology},
}

@article{Kloft:2012:SAO:2503308.2503359,
 author = {Kloft, Marius and Laskov, Pavel},
 title = {Security Analysis of Online Centroid Anomaly Detection},
 journal = {J. Mach. Learn. Res.},
 issue_date = {January 2012},
 volume = {13},
 number = {1},
 month = dec,
 year = {2012},
 issn = {1532-4435},
 pages = {3681--3724},
 numpages = {44},
 url = {http://dl.acm.org/citation.cfm?id=2503308.2503359},
 acmid = {2503359},
 publisher = {JMLR.org},
 keywords = {adversarial, anomaly detection, computer security, network intrusion detection, security analysis, support vector data description},
}


@inproceedings{Simmons:1995:NNE:526950.830432,
 author = {Simmons, D. G. and Wilkins, R.},
 title = {NERD: Network Event Recording Device: An Automated System for Network Anomaly Detection and Notification},
 booktitle = {Proceedings of the 1995 Symposium on Network and Distributed System Security (SNDSS'95)},
 series = {SNDSS '95},
 year = {1995},
 isbn = {0-8186-7027-4},
 pages = {87--},
 url = {http://dl.acm.org/citation.cfm?id=526950.830432},
 acmid = {830432},
 publisher = {IEEE Computer Society},
 address = {Washington, DC, USA},
 keywords = {NERD, Network Event Recording Device, automated real-time system, central secure data collection point, computer network management, computer network reliability, configurable notification options, continuous monitoring, data handling, distributed system logs, network anomaly detection, network anomaly notification, network managers, real-time systems, security logs, security of data, significant network events, system logs, timely notification},
}