@article{rehman2009,
  title={Survey Reports on Four Selected Research Papers on Data Mining Based Intrusion Detection System},
  author={Rehman, Zillur and Rehman, SS Ahmedur and Khan, Lawangeen},
  journal={University of the West Indies at Mona},
  year={2009}
}

@InProceedings{Lakhina2004,
  Title                    = {Diagnosing Network-wide Traffic Anomalies},
  Author                   = {Lakhina, Anukool and Crovella, Mark and Diot, Christophe},
  Booktitle                = {Proceedings of the 2004 Conference on Applications, Technologies, Architectures, and Protocols for Computer Communications},
  Year                     = {2004},

  Address                  = {New York, NY, USA},
  Pages                    = {219--230},
  Publisher                = {ACM},
  Series                   = {SIGCOMM '04},

  Acmid                    = {1015492},
  Doi                      = {10.1145/1015467.1015492},
  ISBN                     = {1-58113-862-8},
  Keywords                 = {anomaly detection, network traffic analysis},
  Location                 = {Portland, Oregon, USA},
  Numpages                 = {12},
  Url                      = {http://doi.acm.org/10.1145/1015467.1015492}
}

@Article{chandola2009,
  Title                    = {Anomaly detection: A survey},
  Author                   = {Chandola, Varun and Banerjee, Arindam and Kumar, Vipin},
  Journal                  = {ACM computing surveys (CSUR)},
  Year                     = {2009},
  Number                   = {3},
  Pages                    = {15},
  Volume                   = {41},

  Publisher                = {ACM}
}

@inproceedings{arthur2007,
  title={k-means++: The advantages of careful seeding},
  author={Arthur, David and Vassilvitskii, Sergei},
  booktitle={Proceedings of the eighteenth annual ACM-SIAM symposium on Discrete algorithms},
  pages={1027--1035},
  year={2007},
  organization={Society for Industrial and Applied Mathematics}
}

